@electronic{liggesmeyer2009,
  address = {Heidelberg},
  author = {Liggesmeyer, Peter},
  edition = 2,
  hdsurl = {https://hds.hebis.de/hlbfu/Record/HEB214420531},
  isbn = {3827422035 (Sekundärausgabe)},
  keywords = {},
  title = {Software-Qualität : Testen, Analysieren und Verifizieren von Software},
  uniqueid = {HEB214420531},
  url = {http://dx.doi.org/10.1007/978-3-8274-2203-3},
  year = 2009
}

@misc{Boll2020,
  author    = {Astrid Boll},
  title     = {Die Kita 4.0 - Empf{\"a}ngerin und Vermittlerin von Digitalisierungsprozessen},
  institution = {Sozialwissenschaften},
  type      = {workingpaper},
  pages     = {13},
  year        = {2020},
}
%% This BibTeX bibliography file was created using BibDesk.
%% http://bibdesk.sourceforge.net/

%% Created for Markus Schäfer at 2020-11-25 15:55:53 +0100 


%% Saved with string encoding Unicode (UTF-8) 



@incollection{herzog2016,
  author = {Herzog, Christian AND Richter, Alexander},
  booktitle = {Handbuch Soziale Medien},
  date-added = {2020-11-25 15:50:21 +0100},
  date-modified = {2020-11-25 15:55:52 +0100},
  pages = {151-168},
  publisher = {Schmidt, Jan-Hinrik AND Taddicken, Monika (Hrsg.)},
  title = {Soziale Medien in der internen Organisationskommunikation},
  year = {2016}}

@online{destatis2019,
  author = {Statistisches Bundesamt},
  date-added = {2020-11-14 07:16:09 +0100},
  date-modified = {2020-11-14 07:17:28 +0100},
  lastchecked = {2020-11-14},
  title = {Personal des {\"o}ffentlichen Dienstes},
  url = {https://www.destatis.de/DE/Themen/Staat/Oeffentlicher-Dienst/Publikationen/Downloads-Oeffentlicher-Dienst/personal-oeffentlicher-dienst-2140600197004.pdf},
  urldate = {2020-11-14},
  Bdsk-Url-1 = {https://www.destatis.de/DE/Themen/Staat/Oeffentlicher-Dienst/Publikationen/Downloads-Oeffentlicher-Dienst/personal-oeffentlicher-dienst-2140600197004.pdf}}

@online{humhubmain,
  author = {HumHub},
  lastchecked = {2020-11-14},
  url = {https://www.humhub.com/de},
  urldate = {2020-11-14},
  Bdsk-Url-1 = {https://www.humhub.com/de}}

@online{spaces,
  author = {HumHub},
  lastchecked = {2020-11-14},
  url = {https://docs.humhub.org/docs/about/humhub#spaces},
  urldate = {2020-11-14},
  Bdsk-Url-1 = {https://docs.humhub.org/docs/about/humhub#spaces}}

@online{modules,
  author = {HumHub},
  lastchecked = {2020-11-15},
  url = {https://docs.humhub.org/docs/about/humhub/#modules},
  urldate = {2020-11-15},
  Bdsk-Url-1 = {https://docs.humhub.org/docs/about/humhub/#modules}}

@online{kitaweb,
  author = {VG Gau-Algesheim},
  date-added = {2020-11-10 09:03:05 +0100},
  date-modified = {2020-11-10 09:04:21 +0100},
  lastchecked = {2020-11-10},
  title = {Kindertagesst{\"a}tte Schloss-Ardeck Gau-Algesheim},
  url = {https://www.vg-gau-algesheim.de/vg_gau_algesheim/Familie%20&%20Bildung/Kinderg%C3%A4rten/Gau-Algesheim/Kindertagesst%C3%A4tte%20Schloss-Ardeck%20Gau-Algesheim/},
  urldate = {2020-11-10},
  Bdsk-Url-1 = {https://www.vg-gau-algesheim.de/vg_gau_algesheim/Familie%20&%20Bildung/Kinderg%C3%A4rten/Gau-Algesheim/Kindertagesst%C3%A4tte%20Schloss-Ardeck%20Gau-Algesheim/}}

@software{announcement,
  author = {Born, David},
  lastchecked = {2020-11-15},
  title = {announcements-module for humhub},
  url = {https://github.com/staxDB/humhub-modules-announcements},
  urldate = {2020-11-15},
  version = {v0.5.},
  Bdsk-Url-1 = {https://github.com/staxDB/humhub-modules-announcements}}

@online{ct2015,
  author = {c't},
  lastchecked = {2020-11-14},
  title = {VoIP-Durchreiche},
  url = {https://www.heise.de/ct/ausgabe/2015-6-Tk-Anlagen-mehrerer-Fritzboxen-miteinander-koppeln-2550352.html},
  urldate = {2020-11-14},
  Bdsk-Url-1 = {https://www.heise.de/ct/ausgabe/2015-6-Tk-Anlagen-mehrerer-Fritzboxen-miteinander-koppeln-2550352.html}}

@article{knauf2018,
  author = {Helen Knauf},
  date-added = {2020-11-08 18:01:14 +0100},
  date-modified = {2020-11-08 18:02:41 +0100},
  journal = {Fr{\"u}he Bildung},
  number = {2},
  pages = {114-118},
  title = {Die Nutzung digitaler Medien in der Kita entdramatisieren},
  volume = {7},
  year = {2018}}

@conference{Eckart2006,
  author = {Eckart, Konrad},
  booktitle = {20. DFN-Jahrestagung},
  doi = {http://dx.doi.org/10.18452/1205},
  pages = {76--92},
  title = {Die Einf{\~A}{\OE}hrung einer {\^a}Integrierten Verwaltungssoftware{\^a} (IVS) in der Johannes Gutenberg-Universit{\~A}€t Mainz},
  year = {2006},
  Bdsk-Url-1 = {http://dx.doi.org/10.18452/1205}}

@article{froehlich2017,
  author = {Klaus Fr{\"o}hlich-Gildhoff und Michel Fr{\"o}hlich-Gildhoff},
  date-added = {2020-11-08 17:59:34 +0100},
  date-modified = {2020-11-08 18:00:54 +0100},
  journal = {Fr{\"u}he Bildung},
  number = {4},
  pages = {225-232},
  title = {Digitale Medien in der Kita - die Risiken werden untersch{\"a}tzt!},
  volume = {6},
  year = {2017}}

@article{knauf2020,
  author = {Knauf, Helen},
  date-added = {2020-11-01 13:32:06 +0100},
  date-modified = {2020-11-01 13:34:16 +0100},
  journal = {Fr{\"u}he Bildung},
  number = {2},
  pages = {99-101},
  title = {Digitalisierung in Kindertagesst{\"a}tten},
  volume = {9},
  year = {2020}}

@book{kreidenweis2012lehrbuch,
  address = {Stuttgart},
  author = {Kreidenweis, Helmut},
  edition = {2. Aufl.},
  publisher = {Nomos},
  series = {UTB},
  title = {Lehrbuch Sozialinformatik},
  year = {2012}}

@book{schubert2018,
  address = {M{\"u}nchen},
  author = {Schubert, Gisela and Br{\"u}ggen, Niels and Oberlinner, Andreas and Eggert, Susanne and Jochim, Valerie},
  publisher = {JFF - Institut f{\"u}r Medienp{\"a}dagogik in Forschung und Praxis},
  title = {Haltungen von p{\"a}dagogischem Personal zu mobilen Medien, Internet und digitalen Spielen in Kindertageseinrichtungen. Bericht der Teilstudie "Mobile Medien und Internet im Kindesalter - Fokus Kindertageseinrichtungen" -},
  year = {2018}}

@book{Vollmer2017,
  address = {Freiburg im Breisgau},
  author = {Vollmer, Knut},
  isbn = {978-3-451-81027-5},
  publisher = {Verlag Herder GmbH},
  title = {Fachw{\"o}rterbuch f{\"u}r Erzieherinnen und p{\"a}dagogische Fachkr{\"a}fte -},
  year = {2017}}

@book{Schmidt2016,
  address = {Berlin Heidelberg New York},
  author = {Schmidt, Jan-Hinrik AND Taddicken, Monika},
  isbn = {978-3-658-03765-9},
  publisher = {Springer-Verlag},
  title = {Handbuch Soziale Medien -},
  year = {2016}}

@online{ard2020,
  author = {ARD/ZDF-Forschungskommision},
  lastchecked = {2020-11-22},
  title = {Ergebnisse der ARD/ZDF-Onlinestudie 2020},
  url = {https://www.ard-zdf-onlinestudie.de/files/2020/2020-10-12_Onlinestudie2020_Publikationscharts.pdf},
  urldate = {2020-11-22},
  year = {2020},
  Bdsk-Url-1 = {https://www.ard-zdf-onlinestudie.de/files/2020/2020-10-12_Onlinestudie2020_Publikationscharts.pdf}}

@article{beisch2020,
  author = {Beisch, Natalie AND Sch{\"a}fer, Carmen},
  date-added = {2020-11-22 15:20:20 +0100},
  date-modified = {2020-11-22 15:21:38 +0100},
  journal = {Media Perspektiven},
  number = {9},
  pages = {462-481},
  title = {Internetnutzung mit gro{\ss}er Dynamik: Medien, Kommunikation, Social Media},
  year = {2020}}

